% !Mode:: "TeX:UTF-8"

@book{USBcomplete,
	language =     {Chinese},
  title={USB大全},
  author={陈逸},
  year={2001},
  address={西安},
  pages={110--115},
  publisher={中国电力出版社}
}

@book{arm0,
	language =     {Chinese},
  title={ARM嵌入式系统开发},
  author={Andrew N.Sloss,Dominic.Symes},
  year={2005},
  address={北京},
  publisher={北京航空航天大学出版社}
}

@book{arm1,
	language =     {Chinese},
  title={嵌入式系统开发与应用},
  author={天泽},
  year={2005},
  address={北京},
  publisher={北京航空航天大学出版社}
}

@ARTICLE{canrs232,
  language =     {Chinese},
  title={CAN-RS232转换器在实时操作系统RT-Thread上的实现},
  author={宋天楹，张红梅},
  year={2012},
  pages={70--72},
  school={桂林电子科技大学},
  address={桂林}
}

@PHDTHESIS{qian1,
  language =     {Chinese},
  title={嵌入式实时操作系统RT-Thread原理分析与应用},
  author={曹成},
  year={2011},
  school={山东科技大学},
  address={山东}
}

@ARTICLE{qian2,
  language =     {Chinese},
  title={嵌入式实时操作系统RT-Thread在SEP4020上的移植},
  author={朱传宏，张丽全},
  year={2011},
  pages={93--96},
  journal={计算机与数字工程},
}


